<record><leader>00000cas a22000007a 4500</leader><controlfield tag="001">12791221</controlfield><controlfield tag="008">851113d18531859inuwr ne      0    0eng d</controlfield><datafield ind1=" " ind2=" " tag="010"><subfield code="a">sn 85048161 </subfield></datafield><datafield ind1=" " ind2=" " tag="040"><subfield code="a">NPI</subfield><subfield code="b">eng</subfield><subfield code="c">NPI</subfield><subfield code="d">OCLCQ</subfield></datafield><datafield ind1=" " ind2=" " tag="042"><subfield code="a">msc</subfield></datafield><datafield ind1="0" ind2="0" tag="245"><subfield code="a">Franklin weekly Democrat.</subfield></datafield><datafield ind1=" " ind2=" " tag="260"><subfield code="a">Brookville, Ind. :</subfield><subfield code="b">C.B. Bentley,</subfield><subfield code="c">1853-1859.</subfield></datafield><datafield ind1=" " ind2=" " tag="300"><subfield code="a">v. :</subfield><subfield code="b">ill. (chiefly advertisements) ;</subfield><subfield code="c">66 cm.</subfield></datafield><datafield ind1="0" ind2=" " tag="362"><subfield code="a">Vol. 15, no. 41 (Dec. 2, 1853)-v. 21, no. 5 (Mar. 25, 1859).</subfield></datafield><datafield ind1=" " ind2=" " tag="500"><subfield code="a">"No North, no South, no East, no West, under the Constitution; but a sacred maintenance of the common band and true devotion to the common brotherhood."</subfield></datafield><datafield ind1=" " ind2=" " tag="752"><subfield code="a">United States</subfield><subfield code="b">Indiana</subfield><subfield code="c">Franklin</subfield><subfield code="d">Brookville.</subfield></datafield><datafield ind1="0" ind2="0" tag="780"><subfield code="t">Franklin Democrat (Brookville, Ind. : 1838)</subfield><subfield code="w">(DLC)sn 82014418</subfield></datafield><datafield ind1="0" ind2="0" tag="785"><subfield code="t">Franklin Democrat (Brookville, Ind. : 1859)</subfield><subfield code="w">(DLC)sn 84027284</subfield></datafield></record>